<?xml version="1.0" encoding="UTF-8"?><collection xmlns="http://www.loc.gov/MARC21/slim"><record><leader>00437nam--2200169-i-4500</leader><controlfield tag="001">000026561</controlfield><controlfield tag="002">20161230</controlfield><controlfield tag="005">20161230201036</controlfield><controlfield tag="008">060222s1000------------r-----000-0-ger-d</controlfield><datafield ind1=" " ind2=" " tag="040"><subfield code="a">IFIN-HH</subfield></datafield><datafield ind1=" " ind2=" " tag="041"><subfield code="a">ger</subfield></datafield><datafield ind1="1" ind2=" " tag="100"><subfield code="a">Kaufmann, Walther</subfield></datafield><datafield ind1="1" ind2="0" tag="245"><subfield code="a">Technische hydro und aeromechanik</subfield><subfield code="c">Walther Kaufmann</subfield></datafield><datafield ind1=" " ind2=" " tag="260"><subfield code="a">Berlin, Springer-verlag, 1958,</subfield></datafield><datafield ind1=" " ind2=" " tag="300"><subfield code="a">VIII + 386P</subfield></datafield><datafield ind1=" " ind2=" " tag="852"><subfield code="a">13430</subfield><subfield code="c">533.6</subfield></datafield><datafield ind1=" " ind2=" " tag="CAT"><subfield code="a">Sys</subfield><subfield code="c">20100906</subfield><subfield code="h">105555</subfield></datafield></record></collection>